@book{refactoring-j,
    author = "Martin Fowler",
    note = "児玉公信, 友野晶夫, 平沢章, 梅沢真史 訳",
    title = "リファクタリング: プログラムの体質改善テクニック",
    publisher = "ピアソン・エデュケーション",
    year = 2000,
}
