@ARTICLE{SLee:2015, 
author={Seonah Lee and Sungwon Kang and Sunghun Kim and Staats, M.}, 
journal={IEEE Transactions on Software Engineering}, 
title={The Impact of View Histories on Edit Recommendations}, 
year={2015}, 
month={March}, 
volume={41}, 
number={3}, 
pages={314-330}, 
ISSN={0098-5589},}
@inproceedings{TLee:2011,
 author = {Lee, Taek and Nam, Jaechang and Han, DongGyun and Kim, Sunghun and In, Hoh Peter},
 title = {Micro Interaction Metrics for Defect Prediction},
 booktitle = {Proceedings of the 8th joint meeting of the European Software Engineering Conference and the ACM SIGSOFT Symposium on the Foundations of Software Engineering},
 series = {ESEC/FSE '11},
 year = {2011},
 xaddress = {Szeged, Hungary},
 pages = {311--321},
 numpages = {11},
 keywords = {defect prediction, micro interaction metrics, mylyn},
} 
@inproceedings{Silva:2015,
  author    = {Jose Ricardo da~Silva~J\'{u}nior and Esteban Clua and Leonardo Murta and Anita Sarma},
  title     = {Niche vs. Breadth: Calculating Expertise over Time through a Fine-Grained Analysis},
  booktitle = {Proceedings of IEEE 22nd International Conference on Software Analysis, Evolution, and Reengineering (SANER)},
  xaddress = {Montreal, Canada},
  series = {SANER '15},
  pages     = {409--418},
  year      = {2015},
}
@inproceedings{Blincoe:2012,
 author = {Blincoe, Kelly and Valetto, Giuseppe and Goggins, Sean},
 title = {Proximity: A Measure to Quantify the Need for Developers' Coordination},
 booktitle = {Proceedings of the ACM 2012 Conference on Computer Supported Cooperative Work},
 series = {CSCW '12},
 year = {2012},
 isbn = {978-1-4503-1086-4},
 xaddress = {Seattle, Washington, USA},
 pages = {1351--1360},
 numpages = {10},
 keywords = {awareness, coordination requirements, management, proximity, socio-technical, task context, tools},
} 

@inproceedings{Gu:2014,
 author = {Gu, Zhongxian and Schleck, Drew and Barr, Earl T. and Su, Zhendong},
 title = {Capturing and Exploiting IDE Interactions},
 xbooktitle = {Proceedings of the ACM International Symposium on New Ideas, New Paradigms, and Reflections on Programming \& Software},
 booktitle = {Proc. Onward!},
 year = {2014},
 isbn = {978-1-4503-3210-1},
 xaddress = {Portland, Oregon, USA},
 pages = {83--94},
 numpages = {12},
 keywords = {integrated development environment, user-monitoring},
} 

@inproceedings{Fujiwara:2014,
 author = {Fujiwara, Kenji and Hata, Hideaki and Makihara, Erina and Fujihara, Yusuke and Nakayama, Naoki and Iida, Hajimu and Matsumoto, Kenichi},
 title = {Kataribe: A Hosting Service of Historage Repositories},
 booktitle = {Proceedings of the 11th Working Conference on Mining Software Repositories},
 series = {MSR 2014},
 year = {2014},
 xaddress = {Hyderabad, India},
 pages = {380--383},
 numpages = {4},
} 
@inproceedings{Robbes:2013,
 author = {Robbes, Romain and R\"{o}thlisberger, David},
 title = {Using Developer Interaction Data to Compare Expertise Metrics},
 xbooktitle = {Proceedings of the 10th Working Conference on Mining Software Repositories},
 booktitle = {Proc. MSR},
 year = {2013},
 xaddress = {San Francisco, CA, USA},
 pages = {297--300},
 numpages = {4},
 publisher = {IEEE Press},
} 

@incollection{rsse:2014,
year={2014},
isbn={978-3-642-45134-8},
booktitle={Recommendation Systems in Software Engineering},
editor={Robillard, Martin P. and Maalej, Walid and Walker, Robert J. and Zimmermann, Thomas},
title={Collecting and Processing Interaction Data for Recommendation Systems},
publisher={Springer Berlin Heidelberg},
author={Maalej, Walid and Fritz, Thomas and Robbes, Romain},
pages={173-197},
language={English}
}
@inproceedings{Negara:2014,
 author = {Negara, Stas and Codoban, Mihai and Dig, Danny and Johnson, Ralph E.},
 title = {Mining Fine-grained Code Changes to Detect Unknown Change Patterns},
 xbooktitle = {Proceedings of the 36th International Conference on Software Engineering},
 booktitle = {Proc. ICSE},
 year = {2014},
 pages = {803--813},
 xaddress = {Hyderabad, India},
 keywords = {Code Changes, Data Mining, Program Transformation},
} 
@inproceedings{Negara:2012,
 author = {Negara, Stas and Vakilian, Mohsen and Chen, Nicholas and Johnson, Ralph E. and Dig, Danny},
 title = {Is It Dangerous to Use Version Control Histories to Study Source Code Evolution?},
 xbooktitle = {Proceedings of the 26th European Conference on Object-Oriented Programming},
 booktitle = {Proc. ECOOP},
 year = {2012},
 pages = {79--103},
 xaddress = {Beijing, China},
} 

@inproceedings{yoon:2011,
 author = {Yoon, YoungSeok and Myers, Brad A.},
 title = {Capturing and Analyzing Low-level Events from the Code Editor},
 xbooktitle = {Proceedings of the 3rd ACM SIGPLAN Workshop on Evaluation and Usability of Programming Languages and Tools},
 booktitle = {Proc. PLATEAU},
 year = {2011},
 pages = {25--30},
 numpages = {6},
 acmid = {2089163},
 xpublisher = {ACM},
 xxaddress = {New York, NY, USA},
 keywords = {code editor, editing strategies, event logger},
} 
@inproceedings{Minelli:2014,
        Author = {Roberto Minelli and Andrea Mocci and Michele Lanza and Takashi Kobayashi},
        xBooktitle = {Proceedings of the 14th International Conference on Quality Software},
        Booktitle = {Proc. QSIC},
        Pages = {276 -- 285},
        Title = {Quantifying Program Comprehension with Interaction Data},
        Year = {2014}}

@book{Bondugula:2006,
  title={Implementation and Analysis of Apriori Algorithm for Data Mining},
  author={Bondugula, P. and University of Nevada, Las Vegas},
  isbn={9780542797620},
  year={2006},
  publisher={University of Nevada, Las Vegas}
}
@inproceedings{Kersten:2006,
 author = {Kersten, Mik and Murphy, Gail C.},
 title = {Using Task Context to Improve Programmer Productivity},
 booktitle = {Proceedings of the 14th ACM SIGSOFT International Symposium on Foundations of Software Engineering},
 series = {SIGSOFT '06/FSE-14},
 year = {2006},
 isbn = {1-59593-468-5},
 location = {Portland, Oregon, USA},
 pages = {1--11},
 numpages = {11},
 keywords = {IDE, degree-of-interest, interaction history, program views, task management},
} 
@inproceedings{mondal2014,
  title={Prediction and ranking of co-change candidates for clones},
  author={Mondal, Manishankar and Roy, Chanchal K and Schneider, Kevin A},
  booktitle={Proceedings of the 11th Working Conference on Mining Software Repositories},
  pages={32--41},
  year={2014},
  organization={ACM}
}

@inproceedings{Zanjani:2014,
 author = {Zanjani, Motahareh Bahrami and Swartzendruber, George and Kagdi, Huzefa},
 title = {Impact Analysis of Change Requests on Source Code Based on Interaction and Commit Histories},
 booktitle = {Proceedings of the 11th Working Conference on Mining Software Repositories},
 xseries = {MSR 2014},
 year = {2014},
 isbn = {978-1-4503-2863-0},
 location = {Hyderabad, India},
 pages = {162--171},
 numpages = {10},
 xurl = {http://doi.acm.org/10.1145/2597073.2597096},
 doi = {10.1145/2597073.2597096},
 acmid = {2597096},
 keywords = {Impact Analysis, Information Retrieval, Interaction History, Machine Learning},
} 
@inproceedings{ss2013-84,
	author    = {山森章弘 and 小林隆志},
	title     = {活動履歴と過去の推薦状況を考慮した変更支援ツールの試作},
	booktitle = {信学技報 (ソフトウェアサイエンス)},
	volume    = {113},
	number    = {489},
	series    = {SS2013-84},
	pages     = {73-78},
	xaddress   = {沖縄},
	month     = {3月},
	year      = {2014},
	xnote      = {2014年3月11日(火)−3月12日(水)　てんぷす那覇：第１・２会議室 (SS)}
} 

@INPROCEEDINGS{Bantelay2013, 
author={Bantelay, F. and Zanjani, M.B. and Kagdi, H.}, 
booktitle={2013 20th Working Conference on Reverse Engineering (WCRE)}, 
title={Comparing and combining evolutionary couplings from interactions and commits}, 
year={2013}, 
month={Oct}, 
pages={311-320}, 
keywords={data mining;public domain software;software engineering;Mylyn tool;commit predictions;evolutionary couplings mining;interaction predictions;open source task management tool;Association rules;Couplings;History;Java;Predictive models;Software;Commit History;Evolutionary Couplings;Interaction History;Mining Software Repositories;Mylyn}, 
doi={10.1109/WCRE.2013.6671306},}
@inproceedings{Roehm:2012,
 author = {Roehm, Tobias and Maalej, Walid},
 title = {Automatically Detecting Developer Activities and Problems in Software Development Work},
 xbooktitle = {Proceedings of the International Conference on Software Engineering},
 booktitle = {Proc. ICSE},
 year = {2012},
 isbn = {978-1-4673-1067-3},
 location = {Zurich, Switzerland},
 pages = {1261--1264},
 numpages = {4},
 acmid = {2337390},
 xpublisher = {IEEE Press},
 xaddress = {Piscataway, NJ, USA},
} 
@article{Jarvelin:2002,
 author = {J\"{a}rvelin, Kalervo and Kek\"{a}l\"{a}inen, Jaana},
 title = {Cumulated Gain-based Evaluation of IR Techniques},
 xjournal = {ACM Transactions on Information Systems},
 journal = {ACM Trans. Inf. Syst.},
 issue_date = {October 2002},
 volume = {20},
 number = {4},
 month = oct,
 year = {2002},
 issn = {1046-8188},
 pages = {422--446},
 numpages = {25},
 doi = {10.1145/582415.582418},
 keywords = {Graded relevance judgments, cumulated gain},
} 

@inproceedings{Voo99,
  added-at = {2008-09-29T18:25:59.000+0200},
  author = {Voorhees, E.},
  biburl = {http://www.bibsonomy.org/bibtex/2f47849b0b8546808d8db6c6dbb495807/mcdiaz},
  booktitle = {Proceedings of the 8th Text REtrieval Conference (\textsc{Trec}-8)},
  editor = {NIST},
  interhash = {f0b7897d0d8c6074f2520190846b1c60},
  intrahash = {f47849b0b8546808d8db6c6dbb495807},
  keywords = {imported},
  pages = {77-82},
  timestamp = {2008-09-29T18:25:59.000+0200},
  title = {The \textsc{Trec}-8 Question Answering Track Report},
  year = 1999
}

@inproceedings{Robbes:2008,
 author = {Robbes, Romain and Pollet, Damien and Lanza, Michele},
 title = {Logical Coupling Based on Fine-Grained Change Information},
 booktitle = {Proceedings of the 15th Working Conference on Reverse Engineering},
 xseries = {WCRE '08},
 year = {2008},
 isbn = {978-0-7695-3429-9},
 pages = {42--46},
 numpages = {5},
 doi = {10.1109/WCRE.2008.47},
 keywords = {Logical coupling, change-based software evolution},
} 

@INPROCEEDINGS{4268248, 
author={Lijie Zou and Godfrey, M.W. and Hassan, A.E.}, 
xbooktitle={Proceedings of the 15th IEEE International Conference on Program Comprehension}, 
booktitle={Proc. ICPC}, 
title={Detecting Interaction Coupling from Task Interaction Histories}, 
year={2007}, 
pages={135-144}, 
keywords={data mining;software maintenance;task analysis;interaction coupling detection;interaction coupling pattern mining;software maintenance activity;software system development;task interaction history;task structure repository;History;Pattern analysis;Software maintenance;Software systems}, 
doi={10.1109/ICPC.2007.18}, 
ISSN={1092-8138},}
@inproceedings{Hill:1992,
 author = {Hill, William C. and Hollan, James D. and Wroblewski, Dave and McCandless, Tim},
 title = {Edit Wear and Read Wear},
 xbooktitle = {Proceedings of the SIGCHI Conference on Human Factors in Computing Systems},
 booktitle = {Proc. CHI},
 year = {1992},
 isbn = {0-89791-513-5},
 location = {Monterey, California, USA},
 pages = {3--9},
 numpages = {7},
 doi = {10.1145/142750.142751},
 keywords = {graphical user interfaces, informational physics, interface mechanisms, professional work, reflective practitioner},
} 

@INPROCEEDINGS{5609732, 
author={Canfora, G. and Ceccarelli, M. and Cerulo, L. and Di Penta, M.}, 
xbooktitle={Proceedings of IEEE International Conference on Software Maintenance}, 
booktitle={Proc. ICSM},
title={Using multivariate time series and association rules to detect logical change coupling: An empirical study}, 
year={2010}, 
pages={1-10}, 
keywords={C language;Java;data mining;program testing;public domain software;software maintenance;time series;C open source system;Granger causality test;Java;association rules discovery;change-coupling relations;forecasting;logical change coupling;multivariate time series;software artifact;software evolution;Accuracy;Association rules;Context;Couplings;Java;Software;Time series analysis;Change Coupling;Empirical Study;Impact Analysis;Multivariate Time Series;Software Evolution}, 
doi={10.1109/ICSM.2010.5609732}, 
ISSN={1063-6773},}

@inproceedings{Kagdi:2006,
 author = {Kagdi, Huzefa and Yusuf, Shehnaaz and Maletic, Jonathan I.},
 title = {Mining Sequences of Changed-files from Version Histories},
 xbooktitle = {Proceedings of the International Workshop on Mining Software Repositories},
 booktitle = {Proc. MSR },
 year = {2006},
 isbn = {1-59593-397-2},
 location = {Shanghai, China},
 pages = {47--53},
 numpages = {7},
 doi = {10.1145/1137983.1137996},
 keywords = {change sequences, heuristics, mining software repositories},
} 

@inproceedings{Geipel:2009,
 author = {Geipel, Markus M. and Schweitzer, Frank},
 title = {Software Change Dynamics: Evidence from 35 Java Projects},
 xbooktitle = {Proceedings of the 7th Joint Meeting of the European Software Engineering Conference and the ACM SIGSOFT Symposium on The Foundations of Software Engineering},
 booktitle = {Proc. ESEC/FSE},
 year = {2009},
 isbn = {978-1-60558-001-2},
 location = {Amsterdam, The Netherlands},
 pages = {269--272},
 numpages = {4},
 doi = {10.1145/1595696.1595739},
 keywords = {change propagation, dependency, java},
} 
@inproceedings{plog,
  author={谷聡貴 and 小林隆志 and 山本晋一郎 and 阿草清滋},
  booktitle={FOSE2008 論文集},
  year={2008},
  pages={99-104}, 
  title={スタックトレース情報を用いた問題解決経験の検索}
}
@INPROCEEDINGS{792645, 
author={Briand, L.C. and Wust, J. and Lounis, H.}, 
xbooktitle={Proceedings of IEEE International Conference on Software Maintenance,}, 
booktitle={Proc. ICSM}, 
title={Using coupling measurement for impact analysis in object-oriented systems}, 
year={1999}, 
pages={475-482}, 
keywords={C++ language;decision theory;object-oriented programming;software maintenance;software metrics;OO systems;change data;commercial C++ system;coupling measurement;coupling measures;dependency analysis;expected effectiveness;impact analysis;object oriented systems;probabilistic decision models;probability;ripple effects;Collaboration;Electrical capacitance tomography;Encapsulation;Fault diagnosis;History;Identity management systems;Performance analysis;Performance evaluation;Software engineering;System testing}, 
doi={10.1109/ICSM.1999.792645}, 
ISSN={1063-6773},}

@article{加藤希:2011-02-28,
author="加藤 希 and 小林 隆志 and 阿草 清滋",
title="変更支援のための成果物アクセス履歴マイニング",
journal="電子情報通信学会技術研究報告. SS, ソフトウェアサイエンス",
ISSN="09135685",
publisher="一般社団法人電子情報通信学会",
year="2011",
month="feb",
volume="110",
number="458",
pages="145-150",
DOI="",
}
@INPROCEEDINGS{6233415, 
author={Kobayashi, T. and Kato, N. and Agusa, K.}, 
xbooktitle={Proceedings of the Third International Workshop on Recommendation Systems for Software Engineering}, 
booktitle={Proc. RSSE}, 
title={Interaction histories mining for software change guide}, 
year={2012}, 
pages={73-77}, 
keywords={data mining;graph theory;public domain software;software engineering;software maintenance;change guide graph;change propagation;developer interaction history;file level change predictions;interaction histories mining;method level change predictions;open source software;software change guide;software development;software maintenance;History}, 
doi={10.1109/RSSE.2012.6233415},}
@inproceedings{ss2012-76,
	author    = {丸岡 寛典 and 小林 隆志 and 阿草 清滋},
	title     = {成果物アクセスの時間的局所性を考慮した変更コンテキストモデル},
	booktitle = {信学技報},
	volume    = {112},
	series    = {SS2012-76},
	pages     = {97-102},
	xaddress   = {福岡},
	month     = {3月},
	year      = {2013},
}
@INPROCEEDINGS{6070387, 
author={Piorkowski, D. and Fleming, S.D. and Scaffidi, C. and John, L. and Bogart, C. and John, B.E. and Burnett, M. and Bellamy, R.}, 
booktitle={2011 IEEE Symposium on Visual Languages and Human-Centric Computing (VL/HCC)}, 
title={Modeling programmer navigation: A head-to-head empirical evaluation of predictive models}, 
year={2011}, 
pages={109-116}, 
keywords={data flow analysis;formal specification;software maintenance;software tools;code maintenance tasks;code navigations;head-to-head empirical evaluation;multifactor models;predictive models;programmer navigation modeling;sample maintenance tasks;single-factor models;software developers;software development tools;spreading-activation based approach;Accuracy;Context;Java;Maintenance engineering;Navigation;Predictive models;Topology;debugging;information foraging;program investigation;program navigation;software maintenance}, 
doi={10.1109/VLHCC.2011.6070387}, 
ISSN={1943-6092},}
@ARTICLE{Zimmermann:2005, 
author={Zimmermann, T. and Zeller, A. and Weissgerber, P. and Diehl, S.}, 
journal={Proc. ICSE},
title={Mining version histories to guide software changes}, 
year={2005}, 
volume={31}, 
number={6}, 
pages={429-445}, 
keywords={configuration management;data mining;programming environments;software maintenance;software prototyping;software tools;ROSE prototype;association rule;classification;clustering;configuration management;construction tools;data mining;program analysis;programming environments;software changes;software maintenance;Association rules;Books;Computer Society;Computer science;Data mining;Environmental management;History;Open source software;Programming profession;Software prototyping;Index Terms- Programming environments/construction tools;association rules;classification;clustering;configuration management;data mining.;distribution;enhancement;maintenance}, 
doi={10.1109/TSE.2005.72}, 
ISSN={0098-5589},}
@article{林晋平:2008-03-17,
author="林 晋平 and 佐伯 元司",
title="メトリクス値の変化の可視化によるプログラム変更の支援",
journal="情報処理学会研究報告. ソフトウェア工学研究会報告",
ISSN="09196072",
publisher="一般社団法人情報処理学会",
year="2008",
month="mar",
volume="2008",
number="29",
pages="115-122",
DOI="",
}
@inproceedings{Maalej:2010,
 author = {Maalej, Walid and Sahm, Alexander},
 title = {Assisting engineers in switching artifacts by using task semantic and interaction history},
 xbooktitle = {Proceedings of the 2nd International Workshop on Recommendation Systems for Software Engineering},
 booktitle = {Proc. RSSE},
 year = {2010},
 isbn = {978-1-60558-974-9},
 location = {Cape Town, South Africa},
 pages = {59--63},
 numpages = {5},
 doi = {10.1145/1808920.1808935},
} 
@INPROCEEDINGS{738508, 
author={Gall, H. and Hajek, K. and Jazayeri, M.}, 
xbooktitle = {Proceedings of the International Conference on Software Maintenance},
booktitle = {Proc. ICSM },
title={Detection of logical coupling based on product release history}, 
year={1998}, 
pages={190-198}, 
keywords={configuration management;software maintenance;logical coupling;product release history;reengineering;release information;restructuring;version number;Documentation;Europe;History;Information analysis;PROM;Pattern analysis;Software systems;Tellurium}, 
doi={10.1109/ICSM.1998.738508}, 
ISSN={1063-6773},}
@INPROCEEDINGS{5714424, 
author={Nadi, S. and Holt, R. and Mankovskii, S.}, 
booktitle={2010 14th European Conference on Software Maintenance and Reengineering (CSMR)}, 
title={Does the Past Say It All? Using History to Predict Change Sets in a CMDB}, 
year={2010}, 
pages={97-106}, 
keywords={database management systems;information technology;software maintenance;CMDB;IT systems;configuration items;configuration management database;maintenance costs;Geographic Information Systems;History;Prototypes;Servers;Software;Symmetric matrices;Testing;Data mining;change management;configuration management;maintenance}, 
doi={10.1109/CSMR.2010.14}, 
ISSN={1534-5351},}

@INPROCEEDINGS{5463278, 
author={Robbes, R. and Pollet, D. and Lanza, M.}, 
xbooktitle={Proceedings of the 7th IEEE Working Conference on Mining Software Repositories},
booktitle={Proc. MSR},
title={Replaying IDE interactions to evaluate and improve change prediction approaches}, 
year={2010}, 
pages={161-170}, 
keywords={benchmark testing;software maintenance;IDE interaction;change prediction approach;development-style prediction;fine-grained change data;integrated development environment;program entity recommendation;Accuracy;Computer bugs;Computer science;History;Informatics;Maintenance engineering;Recommender systems;Software maintenance;Software systems;Writing}, 
doi={10.1109/MSR.2010.5463278},}

@article{Sliwerski:2005,
 author = {\'{S}liwerski, Jacek and Zimmermann, Thomas and Zeller, Andreas},
 title = {HATARI: raising risk awareness},
 journal = {SIGSOFT Softw. Eng. Notes},
 issue_date = {September 2005},
 volume = {30},
 number = {5},
 month = sep,
 year = {2005},
 issn = {0163-5948},
 pages = {107--110},
 numpages = {4},
 doi = {10.1145/1095430.1081725},
} 
@inproceedings{Kersten:2005,
 author = {Kersten, Mik and Murphy, Gail C.},
 title = {Mylar: a degree-of-interest model for IDEs},
 xbooktitle = {Proceedings of the 4th international conference on Aspect-oriented software development},
 booktitle = {Proc. AOSD},
 year = {2005},
 isbn = {1-59593-042-6},
 location = {Chicago, Illinois},
 pages = {159--168},
 numpages = {10},
 doi = {10.1145/1052898.1052912},
 keywords = {development tools, program structure, program views, software evolution, software tasks, task representation},
} 
@inproceedings{Hattori:2008,
 author = {Hattori, Lile and dos Santos Jr, Gilson and Cardoso, Fernando and Sampaio, Marcus},
 title = {Mining software repositories for software change impact analysis: a case study},
 booktitle = {Proceedings of the 23rd Brazilian symposium on Databases},
 series = {SBBD '08},
 year = {2008},
 location = {Campinas, Sao Paulo, Brazil},
 pages = {210--223},
 numpages = {14},
} 

@misc{Mylyn/Integrator_Reference,
  title = {Mylyn/Integrator Reference},
  note = "\url{http://wiki.eclipse.org/Mylyn/Integrator_Reference}"
}

@inproceedings{soh2013effect,
  title={On the Effect of Program Exploration on Maintenance Tasks},
  author={Soh, Z{\'e}phyrin and Khomh, Foutse and Gu{\'e}h{\'e}neuc, Yann-Ga{\"e}l and Antoniol, Giuliano and Adams, Bram},
  booktitle={Working Conference on Reverse Engineering (WCRE)},
  pages={391-400},
  year={2013}
}
    
@book{rajlich2011software,
  title={Software Engineering: The Current Practices},
  author={Rajlich, V{\'a}clav},
  year={2011},
}
